@Article{art:ISMIR,
  author =   {International Society for Music Information Retrieval (ISMIR)},
  title =    {{{\href{http://www.ismir.net}{http://www.ismir.net}}}},
  journal =      {},
  year =     {},
  volume =   {},
  pages =    {},
}


@Article{art:TzanetakisCook02GTZAN,
  author =   {G. Tzanetakis and P. Cook},
  title =    {{Musical Genre Classification of Audio Signals}},
  journal =      {IEEE Transactions on Speech and Audio Processing},
  year =     {2002},
  volume =   {10(5)},
  pages =    {293--302},
}


@Article{art:GTZAN,
  author =   {G. Tzanetakis and P. Cook},
  title =    {{{\href{http://marsyasweb.appspot.com/download/data_sets}{http://marsyasweb.appspot.com/download/data\_sets}}}},
  journal =      {},
  year =     {},
  volume =   {},
  pages =    {},
}


@Article{art:Sturm12GTZAN,
  author =   {B. Sturm},
  title =    {{An Analysis of the GTZAN Music Genre Dataset}},
  journal =      {ACM workshop on Music information retrieval with user-centered and multimodal strategies},
  year =     {2012},
  volume =   {},
  pages =    {7--12},
}


@Article{art:Law07TagATune,
  author =   {E. Law and L. Von Ahn and R. Dannenberg and M. Crawford},
  title =    {{TagATune: A Game for Music and Sound Annotation}},
  journal =      {ISMIR},
  year =     {2007},
  volume =   {},
  pages =    {},
}


@Article{art:TagATune,
  author =   {E. Law and L. Von Ahn and R. Dannenberg and M. Crawford},
  title =    {{{\href{https://musicmachinery.com/tag/tagatune}{https://musicmachinery.com/tag/tagatune}}}},
  journal =      {},
  year =     {},
  volume =   {},
  pages =    {},
}


@Article{art:Bertin11MSD,
  author =   {T. Bertin-Mahieux and D. Ellis and B. Whitman and P. Lamere},
  title =    {{The Million Song Dataset}},
  journal =      {International Society for Music Information Retrieval Conference (ISMIR)},
  year =     {2011},
  volume =   {},
  pages =    {},
}


@Article{art:MSD,
  author =   {T. Bertin-Mahieux and D. Ellis and B. Whitman and P. Lamere},
  title =    {{{\href{http://labrosa.ee.columbia.edu/millionsong}{http://labrosa.ee.columbia.edu/millionsong}}}},
  journal =      {Columbia University},
  year =     {},
  volume =   {},
  pages =    {},
}


@Article{art:MIREX,
  author =   {MIREX challenges},
  title =    {{{\href{http://www.music-ir.org/mirex/wiki}{http://www.music-ir.org/mirex/wiki}}}},
  journal =      {International Music Information Retrieval Systems Evaluation Laboratory (IMIRSEL), University of Illinois at Urbana-Champaign (UIUC)},
  year =     {},
  volume =   {},
  pages =    {},
}



@Inproceedings{pro:LeCunBottouBengioHaffner98MNIST,
  author =   {Y. LeCun and L. Bottou and Y. Bengio and P. Haffner},
  title =    {{Gradient-Based Learning Applied to Document Recognition}},
  booktitle =    {Proceedings of the IEEE, 86(11)},
  year =     {1998},
  pages =    {2278-2324},
}


@Article{art:HochreiterSchmidhuber97LSTM,
  author =   {S. Hochreiter and J. Schmidhuber},
  title =    {{Long Short-Term Memory}},
  journal =      {Neural Computation},
  year =     {1997},
  volume =   {9(8)},
  pages =    {1735--1780},
}


@Article{art:MNIST,
  author =   {Y. LeCun and C. Cortes and C. Burges},
  title =    {{{\href{http://yann.lecun.com/exdb/mnist}{http://yann.lecun.com/exdb/mnist}}}},
  journal =      {Courant Institute, NYU},
  year =     {},
  volume =   {},
  pages =    {},
}



@Article{art:Krizhevsky09CIFAR,
  author =   {A. Krizhevsky},
  title =    {{Learning Multiple Layers of Features from Tiny Images}},
  journal =      {Technical Report, Department of Computer Science, University of Torento},
  year =     {2009},
  volume =   {},
  pages =    {},
}



@Article{art:CIFAR,
  author =   {A. Krizhevsky},
  title =    {{{\href{https://www.cs.toronto.edu/~kriz/cifar.html}{https://www.cs.toronto.edu/~kriz/cifar.html}}}},
  journal =      {University of Torento},
  year =     {},
  volume =   {},
  pages =    {},
}



@Article{art:FeiFei09ImageNet,
  author =   {J. Deng and W. Dong and R. Socher and L.J. Li and K. Li and L. Fei-Fei},
  title =    {{ImageNet: A Large-Scale Hierarchical Image Database}},
  journal =      {Computer Vision and Pattern Recognition (CVPR)},
  year =     {2009},
  volume =   {},
  pages =    {},
}



@Article{art:ImageNet,
  author =   {J. Deng and A. Berg and S. Satheesh and H. Su and A. Khosla and L. Fei-Fei},
  title =    {{{\href{http://image-net.org}{http://image-net.org}}}},
  journal =      {},
  year =     {},
  volume =   {},
  pages =    {},
}




@Article{art:Echonest,
  author =   {The Echonest},
  title =    {{\href{http://the.echonest.com}{http://the.echonest.com}}},
  journal =      {Spotify},
  year =     {},
  volume =   {},
  pages =    {},
}


@Article{art:Echonest_API,
  author =   {Echonest API},
  title =    {\href{http://developer.echonest.com/docs/v4}{http://developer.echonest.com/docs}},
  journal =      {Spotify},
  year =     {},
  volume =   {},
  pages =    {},
}


@Article{art:FMA,
  author =   {Free Music Archive},
  title =    {{\href{http://freemusicarchive.org}{http://freemusicarchive.org}}},
  journal =      {WFMU, Jersey City, NJ 07303, U.S.},
  year =     {},
  volume =   {},
  pages =    {},
}


@Article{art:MossFMA,
  author =   {Ceci Moss},
  title =    {{Interview with Jason Sigal of the Free Music Archive, \href{http://rhizome.org/editorial/2009/may/1/interview-with-jason-sigal-of-the-free-music-archi}{link}}},
  journal =      {Rhizome.org},
  year =     {},
  volume =   {},
  pages =    {},
}


@Article{art:FMA_API,
  author =   {Free Music Archive API},
  title =    {\href{http://freemusicarchive.org/api/docs}{http://freemusicarchive.org/api/docs}},
  journal =      {},
  year =     {},
  volume =   {},
  pages =    {},
}









% NEW

% Templates

 

@Article{art:,
  author =   {},
  title =    {{}},
  journal =      {},
  year =     {},
  volume =   {},
  pages =    {},
}

@Inproceedings{pro:,
  author =   {},
  title =    {{}},
  booktitle =    {},
  year =     {},
  pages =    {},
}

@Book{book:,
  author =   {},
  title =    {{}},
  publisher =    {},
  year =     {},
}

@Misc{rep:,
  author =   {},
  title =    {{}},
  year =     {},
}
