%%%%%%%%%%%%%%%%%%%%%%%%%%%%%%%%%%%%%%%%%%%%%%%%%%%%%%%%%%%%%%%%%%%%%%%%%%%%%%%%
% MIR reviews (audio/content-based)
%%%%%%%%%%%%%%%%%%%%%%%%%%%%%%%%%%%%%%%%%%%%%%%%%%%%%%%%%%%%%%%%%%%%%%%%%%%%%%%%


% general MIR review (audio and symbolic representations)
@article{mir_review_1,
  title={Music retrieval: A tutorial and review},
  author={Orio, N and others},
  journal={Foundations and Trends in Information Retrieval},
  year={2006},
}

% general MIR review
@article{mir_review_2,
  title={Content-based music information retrieval: Current directions and future challenges},
  author={Casey, M A and Veltkamp, R and Goto, M and Leman, M and Rhodes, C and Slaney, M},
  journal={Proc. of the IEEE},
  year={2008},
}

% MIR review for classification: genre, mood, tags
@article{mir_review_classif,
  title={A survey of audio-based music classification and annotation},
  author={Fu, Z and Lu, G and Ting, K M and Zhang, D},
  journal={IEEE Trans. on Multimedia},
  year={2011},
}

% review of audio feature extraction and classification for genre classification only
@article{mir_review_genre,
  title={Automatic genre classification of music content: a survey},
  author={Scaringella, N and Zoia, G and Mlynek, D},
  journal={IEEE Signal Processing Magazine},
  year={2006},
}


%%%%%%%%%%%%%%%%%%%%%%%%%%%%%%%%%%%%%%%%%%%%%%%%%%%%%%%%%%%%%%%%%%%%%%%%%%%%%%%%
% MIR evaluations
%%%%%%%%%%%%%%%%%%%%%%%%%%%%%%%%%%%%%%%%%%%%%%%%%%%%%%%%%%%%%%%%%%%%%%%%%%%%%%%%


@inproceedings{mgr_eval_1,
  title={A survey of evaluation in music genre recognition},
  author={Sturm, B L},
  booktitle={Int. Workshop on Adaptive Multimedia Retrieval},
  year={2012},
}

@article{mgr_eval_2,
  title={The state of the art ten years after a state of the art: Future research in music information retrieval},
  author={Sturm, B L},
  journal={J. of New Music Research},
  year={2014},
}

@article{album_artist_effects,
  title={Album and artist effects for audio similarity at the scale of the web},
  author={Flexer, A and Schnitzer, D},
  journal={Children},
  year={2009}
}

@inproceedings{artist_filters_1,
  title={A Closer Look on Artist Filters for Musical Genre Classification},
  author={Flexer, A},
  booktitle={ISMIR},
  year={2007}
}

@inproceedings{artist_filters_2,
  title={Improvements of Audio-Based Music Similarity and Genre Classificaton},
  author={Pampalk, E and Flexer, A and Widmer, G},
  booktitle={ISMIR},
  year={2005},
}

@inproceedings{jams,
  title={JAMS: A JSON Annotated Music Specification for Reproducible MIR Research},
  author={Humphrey, E J and Salamon, J and Nieto, O and Forsyth, J and Bittner, R M and Bello, J P},
  booktitle={ISMIR},
  year={2014}
}

@article{mirex,
  title={The music information retrieval evaluation exchange: Some observations and insights},
  author={Downie, J and Ehmann, A and Bay, M and Jones, M},
  journal={Advances in Music Information Retrieval},
  year={2010},
}

@inproceedings{mirex_critic,
  title={A Plan for Sustainable MIR Evaluation},
  author={McFee, B and Humphrey, E J and Urbano, J},
  booktitle={ISMIR},
  year={2016},
}

@inproceedings{mirex_stagnation,
  title={Cross Task Study on MIREX Recent Results: An Index for Evolution Measurement and Some Stagnation Hypotheses},
  author={Scholz, R and Ramalho, G and Cabral, G},
  booktitle={ISMIR},
  year={2016},
}


%%%%%%%%%%%%%%%%%%%%%%%%%%%%%%%%%%%%%%%%%%%%%%%%%%%%%%%%%%%%%%%%%%%%%%%%%%%%%%%%
% Background
%%%%%%%%%%%%%%%%%%%%%%%%%%%%%%%%%%%%%%%%%%%%%%%%%%%%%%%%%%%%%%%%%%%%%%%%%%%%%%%%


@book{frow2014genre,
  title={Genre},
  author={Frow, J},
  year={2014},
}

@article{dl,
  title={Deep learning},
  author={LeCun, Y and Bengio, Y and Hinton, G},
  journal={Nature},
  year={2015},
}

@inproceedings{convnet_imagenet,
  title={Imagenet classification with deep convolutional neural networks},
  author={Krizhevsky, A and Sutskever, I and Hinton, G E},
  booktitle={NIPS},
  year={2012}
}


%%%%%%%%%%%%%%%%%%%%%%%%%%%%%%%%%%%%%%%%%%%%%%%%%%%%%%%%%%%%%%%%%%%%%%%%%%%%%%%%
% Features
%%%%%%%%%%%%%%%%%%%%%%%%%%%%%%%%%%%%%%%%%%%%%%%%%%%%%%%%%%%%%%%%%%%%%%%%%%%%%%%%


@book{mfcc,
  title={Fundamentals of speech recognition},
  author={Rabiner, L R and Juang, BH},
  year={1993},
}

@article{chroma,
  title={A chorus section detection method for musical audio signals and its application to a music listening station},
  author={Goto, M},
  journal={IEEE Trans. on Audio, Speech, and Language Processing},
  year={2006},
}

@inproceedings{chroma_cens,
  title={Chroma Toolbox: MATLAB implementations for extracting variants of chroma-based audio features},
  author={MÃ¼ller, M and Ewert, S},
  booktitle={ISMIR},
  year={2011},
}

@inproceedings{tonnetz,
  title={Detecting harmonic change in musical audio},
  author={Harte, C and Sandler, M and Gasser, M},
  booktitle={In Proc. of Audio and Music Computing for Multimedia Workshop},
  year={2006},
}

@inproceedings{contrast,
  title={Music type classification by spectral contrast feature},
  author={Jiang, DN and Lu, L and Zhang, HJ and Tao, JH and Cai, LH},
  booktitle={IEEE Int. Conf. on Multimedia and Expo},
  year={2002},
}

@inproceedings{echonest_temporal,
  title={Capturing the temporal domain in echonest features for improved classification effectiveness},
  author={Schindler, A and Rauber, A},
  booktitle={Int. Workshop on Adaptive Multimedia Retrieval},
  year={2012},
}


%%%%%%%%%%%%%%%%%%%%%%%%%%%%%%%%%%%%%%%%%%%%%%%%%%%%%%%%%%%%%%%%%%%%%%%%%%%%%%%%
% Feature extractors
%%%%%%%%%%%%%%%%%%%%%%%%%%%%%%%%%%%%%%%%%%%%%%%%%%%%%%%%%%%%%%%%%%%%%%%%%%%%%%%%


@article{marsyas,
  title={Marsyas: A framework for audio analysis},
  author={Tzanetakis, G and Cook, P},
  journal={Organised Sound},
  year={2000}
}

@inproceedings{rpextract,
  title={Evaluation of feature extractors and psycho-acoustic transformations for music genre classification},
  author={Lidy, T and Rauber, A},
  booktitle={ISMIR},
  year={2005}
}

@phdthesis{jmir,
  title={Automatic music classification with jMIR},
  author={McKay, C},
  year={2010},
}


%%%%%%%%%%%%%%%%%%%%%%%%%%%%%%%%%%%%%%%%%%%%%%%%%%%%%%%%%%%%%%%%%%%%%%%%%%%%%%%%
% Tools
%%%%%%%%%%%%%%%%%%%%%%%%%%%%%%%%%%%%%%%%%%%%%%%%%%%%%%%%%%%%%%%%%%%%%%%%%%%%%%%%


@misc{librosa,
  author       = {McFee, B and others},
  title        = {librosa 0.5.0},
  year         = 2017,
  doi          = {10.5281/zenodo.293021},
}


@article{scikit-learn,
 title={Scikit-learn: Machine Learning in Python},
 author={Pedregosa, F and others},
 journal={J. of Machine Learning Research},
 year={2011}
}


%%%%%%%%%%%%%%%%%%%%%%%%%%%%%%%%%%%%%%%%%%%%%%%%%%%%%%%%%%%%%%%%%%%%%%%%%%%%%%%%
% Feature learning
%%%%%%%%%%%%%%%%%%%%%%%%%%%%%%%%%%%%%%%%%%%%%%%%%%%%%%%%%%%%%%%%%%%%%%%%%%%%%%%%


@inproceedings{dieleman2013multiscale,
  title={Multiscale approaches to music audio feature learning},
  author={Dieleman, S and Schrauwen, B},
  booktitle={ISMIR},
  year={2013},
}

@inproceedings{sigtia2014improved,
  title={Improved music feature learning with deep neural networks},
  author={Sigtia, S and Dixon, S},
  booktitle={ICASSP},
  year={2014},
}


%%%%%%%%%%%%%%%%%%%%%%%%%%%%%%%%%%%%%%%%%%%%%%%%%%%%%%%%%%%%%%%%%%%%%%%%%%%%%%%%
% Deep Learning for MIR
%%%%%%%%%%%%%%%%%%%%%%%%%%%%%%%%%%%%%%%%%%%%%%%%%%%%%%%%%%%%%%%%%%%%%%%%%%%%%%%%


% DL on spectrograms
@article{choi2016transfer,
  title={Transfer learning for music classification and regression tasks},
  author={Choi, K and Fazekas, G and Sandler, M and Cho, K},
  journal={arXiv:1703.09179},
  year={2017}
}

% DL on spectrograms
@article{choi2016convolutional,
  title={Convolutional Recurrent Neural Networks for Music Classification},
  author={Choi, K and Fazekas, G and Sandler, M and Cho, K},
  journal={arXiv:1609.04243},
  year={2016}
}

% DL on spectrograms
@article{choi2016automatic,
  title={Automatic tagging using deep convolutional neural networks},
  author={Choi, K and Fazekas, G and Sandler, M},
  journal={arXiv:1606.00298},
  year={2016}
}

% DL on spectrograms and audio --> spectrograms better
@inproceedings{dieleman_endtoend,
  title={End-to-end learning for music audio},
  author={Dieleman, S and Schrauwen, B},
  booktitle={ICASSP},
  year={2014},
}

@inproceedings{van2013deep,
  title={Deep content-based music recommendation},
  author={Van den Oord, A and Dieleman, S and Schrauwen, B},
  booktitle={NIPS},
  year={2013}
}

@inproceedings{mir_dl_feature_learning,
  title={Moving Beyond Feature Design: Deep Architectures and Automatic Feature Learning in Music Informatics},
  author={Humphrey, E J and Bello, Juan P and LeCun, Y},
  booktitle={ISMIR},
  year={2012},
}
% Same as above.
%article{humphrey2013feature,
%  title={Feature learning and deep architectures: New directions for music informatics},
%  author={Humphrey, Eric J and Bello, Juan P and LeCun, Yann},
%  journal={J. of Intelligent Information Systems},
%  volume={41},
%  number={3},
%  pages={461--481},
%  year={2013},
%  publisher={Springer}
%}

@inproceedings{li2010automatic,
  title={Automatic musical pattern feature extraction using convolutional neural network},
  author={Li, T LH and Chan, A B and Chun, A},
  booktitle={Proc. Int. Conf. Data Mining and Applications},
  year={2010}
}

@article{kereliuk2015deep,
  title={Deep learning and music adversaries},
  author={Kereliuk, C and Sturm, B L and Larsen, J},
  journal={IEEE Trans. on Multimedia},
  year={2015},
}

@inproceedings{hamel2010learning,
  title={Learning Features from Music Audio with Deep Belief Networks},
  author={Hamel, P and Eck, D},
  booktitle={ISMIR},
  year={2010},
}

% Used as basis for my master thesis
@inproceedings{henaff2011unsupervised,
  title={Unsupervised learning of sparse features for scalable audio classification},
  author={Henaff, M and Jarrett, K and Kavukcuoglu, K and LeCun, Y},
  booktitle={ISMIR},
  year={2011}
}

@inproceedings{lee2009unsupervised,
  title={Unsupervised feature learning for audio classification using convolutional deep belief networks},
  author={Lee, H and Pham, P and Largman, Y and Ng, A Y},
  booktitle={NIPS},
  year={2009}
}


%%%%%%%%%%%%%%%%%%%%%%%%%%%%%%%%%%%%%%%%%%%%%%%%%%%%%%%%%%%%%%%%%%%%%%%%%%%%%%%%
% Tasks
%%%%%%%%%%%%%%%%%%%%%%%%%%%%%%%%%%%%%%%%%%%%%%%%%%%%%%%%%%%%%%%%%%%%%%%%%%%%%%%%


@inproceedings{mgr_why,
  title={Musical genre classification: Is it worth pursuing and how can it be improved?},
  author={McKay, C and Fujinaga, I},
  booktitle={ISMIR},
  year={2006}
}

@article{autotagging,
  title={Automatic tagging of audio: The state-of-the-art},
  author={Bertin-Mahieux, T and Eck, D and Mandel, M},
  journal={Machine Audition: Principles, Algorithms and Systems},
  year={2010},
}


%%%%%%%%%%%%%%%%%%%%%%%%%%%%%%%%%%%%%%%%%%%%%%%%%%%%%%%%%%%%%%%%%%%%%%%%%%%%%%%%
% Related datasets
%%%%%%%%%%%%%%%%%%%%%%%%%%%%%%%%%%%%%%%%%%%%%%%%%%%%%%%%%%%%%%%%%%%%%%%%%%%%%%%%


@inproceedings{rwc,
  title={RWC Music Database: Popular, Classical and Jazz Music Databases},
  author={Goto, M and Hashiguchi, H and Nishimura, T and Oka, R},
  booktitle={ISMIR},
  year={2002}
}

@article{gtzan,
  title={Musical genre classification of audio signals},
  author={Tzanetakis, G and Cook, P},
  journal={IEEE Trans. on Speech and Audio Processing},
  year={2002},
}
@inproceedings{gtzan_critic_1,
  title={An analysis of the GTZAN music genre dataset},
  author={Sturm, B L},
  booktitle={Proc. of the Int. ACM workshop on Music information retrieval with user-centered and multimodal strategies},
  year={2012},
}
@article{gtzan_critic_2,
  title={The GTZAN dataset: Its contents, its faults, their effects on evaluation, and its future use},
  author={Sturm, B L},
  journal={arXiv:1306.1461},
  year={2013}
}

@article{uspop,
  title={A large-scale evaluation of acoustic and subjective music-similarity measures},
  author={Berenzweig, A and Logan, B and Ellis, D PW and Whitman, B},
  journal={Computer Music J.},
  year={2004},
}

@inproceedings{ballroom,
  title={Evaluating rhythmic descriptors for musical genre classification},
  author={Gouyon, F and Dixon, S and Pampalk, E and Widmer, G},
  booktitle={Proc. of the AES 25th Int. Conf.},
  year={2004}
}
% Faults in the Ballroom dataset
% http://media.aau.dk/null_space_pursuits/2014/01/ballroom-dataset.html
@article{extballroom,
  title={The Extended Ballroom Dataset},
  author={Marchand, U and Peeters, G},
  booktitle={ISMIR (Late Breaking)},
  year={2016}
}
@article{ballroom_critic,
  title={The âHorseâ Inside: Seeking Causes Behind the Behaviors of Music Content Analysis Systems},
  author={Sturm, B L},
  journal={Computers in Entertainment},
  year={2016},
}

@inproceedings{homburg,
  title={A Benchmark Dataset for Audio Classification and Clustering},
  author={Homburg, H and Mierswa, I and M{\"o}ller, B and Morik, K and Wurst, M},
  booktitle={ISMIR},
  year={2005}
}

@inproceedings{103artists,
  title={Improvements of Audio-Based Music Similarity and Genre Classificaton},
  author={Pampalk, E and Flexer, A and Widmer, G and others},
  booktitle={ISMIR},
  year={2005},
}

@inproceedings{codaich,
  title={A Large Publicly Accassible Prototype Audio Database for Music Research},
  author={McKay, C and McEnnis, D and Fujinaga, I},
  booktitle={ISMIR},
  year={2006}
}

@inproceedings{artist20,
  title={Classifying Music Audio with Timbral and Chroma Features},
  author={Ellis, D PW},
  booktitle={ISMIR},
  year={2007}
}

@inproceedings{lmd,
  title={The Latin Music Database},
  author={Silla Jr, C N and Koerich, A L and Kaestner, C AA},
  booktitle={ISMIR},
  year={2008}
}
@article{lmd_critic,
  title={Faults in the latin music database and with its use},
  author={Sturm, B L},
  journal={ISMIR (Late Breaking)},
  year={2015}
}

@article{cal500,
  title={Semantic Annotation and Retrieval of Music and Sound Effects},
  author={Turnbull, D and Barrington, L and Torres, D and Lanckriet, G},
  journal={IEEE Trans. on Audio, Speech, and Language Processing},
  year={2008},
}

@inproceedings{1517artists,
  title={Frame level audio similarity - a codebook approach},
  author={Seyerlehner, K and Widmer, G and Knees, P},
  booktitle={Proc. of the Int. Conf. on Digital Audio Effects},
  year={2008}
}

@inproceedings{omras,
  title={OMRAS2 Metadata Project 2009},
  author={Mauch, M and Cannam, C and Davies, M and Dixon, S and Harte, C and Kolozali, S and Tidhar, D and Sandler, M},
  booktitle={ISMIR},
  year={2009}
}

@inproceedings{magnatagatune,
  title={Evaluation of Algorithms Using Games: The Case of Music Tagging},
  author={Law, E and West, K and Mandel, M I and Bay, M and Downie, J S},
  booktitle={ISMIR},
  year={2009}
}

@inproceedings{unique,
  title={Fusing block-level features for music similarity estimation},
  author={Seyerlehner, K and Widmer, G and Pohle, T},
  booktitle={Proc. of the Int. Conf. on Digital Audio Effects},
  year={2010}
}

@inproceedings{cal10k,
  title={Exploring automatic music annotation with acoustically-objective tags},
  author={Tingle, D and Kim, Y E and Turnbull, D},
  booktitle={Proc. of the Int. Conf. on Multimedia Information Retrieval},
  year={2010},
}

@inproceedings{msd,
  title={The Million Song Dataset},
  author={Bertin-Mahieux, T and Ellis, D PW and Whitman, B and Lamere, P},
  booktitle={ISMIR},
  year={2011}
}
% provides genres through last.fm and beatunes
@inproceedings{msd_genres,
  title={Improving Genre Annotations for the Million Song Dataset},
  author={Schreiber, H},
  booktitle={ISMIR},
  year={2015}
}
% provides features and genres through All Music Guide
@inproceedings{msd_features,
  title={Facilitating Comprehensive Benchmarking Experiments on the Million Song Dataset},
  author={Schindler, A and Mayer, R and Rauber, A},
  booktitle={ISMIR},
  year={2012}
}

@inproceedings{musiclef,
  title={A Professionally Annotated and Enriched Multimodal Data Set on Popular Music},
  author={Schedl, M and Orio, N and Liem, C and Peeters, G},
  booktitle={Proc. of the ACM Multimedia Systems Conference},
  year={2013},
}

@inproceedings{audioset,
  title={Audio Set: An ontology and human-labeled dartaset for audio events},
  author={Gemmeke, J F and Ellis, D PW and Freedman, D and Jansen, A and Lawrence, W and Moore, R C and Plakal, M and Ritter, M},
  booktitle={ICASSP},
  year={2017}
}

@inproceedings{acousticbrainz,
  title={Acousticbrainz: a community platform for gathering music information obtained from audio},
  author={Porter, A and Bogdanov, D and Kaye, R and Tsukanov, R and Serra, X},
  booktitle={ISMIR},
  year={2015}
}


%%%%%%%%%%%%%%%%%%%%%%%%%%%%%%%%%%%%%%%%%%%%%%%%%%%%%%%%%%%%%%%%%%%%%%%%%%%%%%%%
% Computer Vision
%%%%%%%%%%%%%%%%%%%%%%%%%%%%%%%%%%%%%%%%%%%%%%%%%%%%%%%%%%%%%%%%%%%%%%%%%%%%%%%%


@inproceedings{mnist,
  title =    {Gradient-Based Learning Applied to Document Recognition},
  author =   {Y LeCun and L Bottou and Y Bengio and P Haffner},
  booktitle =    {Proc. of the IEEE},
  year =     {1998},
}

@article{cifar,
  author =   {A Krizhevsky},
  title =    {{Learning Multiple Layers of Features from Tiny Images}},
  year =     {2009},
}

@article{imagenet,
  author =   {J Deng and W Dong and R Socher and LJ Li and K Li and L Fei-Fei},
  title =    {ImageNet: A Large-Scale Hierarchical Image Database},
  journal =  {Computer Vision and Pattern Recognition},
  year =     {2009},
}

@article{imagenet_challenge,
  author = {O Russakovsky and others},
  title = {ImageNet Large Scale Visual Recognition Challenge},
  year = {2015},
  journal   = {Int. J. of Computer Vision},
}
